<record><leader>00000cas a22000007a 4500</leader><controlfield tag="001">13475795</controlfield><controlfield tag="008">860422d18591861wvudr ne      0    0eng d</controlfield><datafield ind1=" " ind2=" " tag="010"><subfield code="a">sn 86092506 </subfield></datafield><datafield ind1=" " ind2=" " tag="040"><subfield code="a">WVC</subfield><subfield code="b">eng</subfield><subfield code="c">WVC</subfield><subfield code="d">DLC</subfield><subfield code="d">WVC</subfield><subfield code="d">DLC</subfield><subfield code="d">OCL</subfield><subfield code="d">OCLCQ</subfield></datafield><datafield ind1=" " ind2=" " tag="042"><subfield code="a">msc</subfield></datafield><datafield ind1="0" ind2=" " tag="130"><subfield code="a">Daily union (Wheeling, Va.)</subfield></datafield><datafield ind1="1" ind2="4" tag="245"><subfield code="a">The Daily union.</subfield></datafield><datafield ind1=" " ind2=" " tag="260"><subfield code="a">Wheeling, Va. [W. Va.] :</subfield><subfield code="b">P.H. Moore &amp; Co.</subfield></datafield><datafield ind1=" " ind2=" " tag="300"><subfield code="a">v.</subfield></datafield><datafield ind1=" " ind2=" " tag="310"><subfield code="a">Daily</subfield></datafield><datafield ind1="1" ind2=" " tag="362"><subfield code="a">Began with Nov. 28, 1859 issue; ceased in 1861?</subfield><subfield code="z">Cf. Norona and Shetler. W. Va. Imprints.</subfield></datafield><datafield ind1=" " ind2=" " tag="580"><subfield code="a">Issued also in a weekly ed.: Weekly union (Wheeling, Va.).</subfield></datafield><datafield ind1=" " ind2=" " tag="580"><subfield code="a">Issued also in a triweekly ed.: Tri-weekly union (Wheeling, Va.) (non-extant).</subfield></datafield><datafield ind1=" " ind2=" " tag="588"><subfield code="a">Description based on: Vol. 1, no. 98 (Mar. 19, 1860).</subfield></datafield><datafield ind1=" " ind2=" " tag="752"><subfield code="a">United States</subfield><subfield code="b">West Virginia</subfield><subfield code="c">Ohio</subfield><subfield code="d">Wheeling.</subfield></datafield><datafield ind1="1" ind2=" " tag="775"><subfield code="t">Weekly union (Wheeling, Va.)</subfield><subfield code="w">(DLC)sn 86092507</subfield></datafield><datafield ind1="1" ind2=" " tag="775"><subfield code="t">Tri-weekly union (Wheeling, Va.)</subfield></datafield><datafield ind1="0" ind2="4" tag="780"><subfield code="t">Wheeling Argus (Wheeling, Va. : 1856)</subfield><subfield code="w">(DLC)sn 86092505</subfield></datafield><datafield ind1="0" ind2="4" tag="780"><subfield code="t">Daily Wheeling times</subfield><subfield code="w">(DLC)sn 86092494</subfield></datafield></record>